<record><leader>00000cas a2200000 a 4500</leader><controlfield tag="001">35632156</controlfield><controlfield tag="008">960925c18879999miuwr ne      0    0eng c</controlfield><datafield ind1=" " ind2=" " tag="010"><subfield code="a">sn 96077082 </subfield></datafield><datafield ind1=" " ind2=" " tag="040"><subfield code="a">MHN</subfield><subfield code="b">eng</subfield><subfield code="c">MHN</subfield><subfield code="d">OCL</subfield><subfield code="d">OCLCQ</subfield><subfield code="d">OCLCF</subfield><subfield code="d">OCLCO</subfield></datafield><datafield ind1="1" ind2=" " tag="029"><subfield code="a">AU@</subfield><subfield code="b">000012845285</subfield></datafield><datafield ind1=" " ind2=" " tag="042"><subfield code="a">pcc</subfield></datafield><datafield ind1=" " ind2=" " tag="043"><subfield code="a">n-us-mi</subfield></datafield><datafield ind1="0" ind2="0" tag="245"><subfield code="a">Gratiot County herald.</subfield></datafield><datafield ind1=" " ind2=" " tag="260"><subfield code="a">Ithaca, Mich. :</subfield><subfield code="b">W.O. Tucker</subfield></datafield><datafield ind1=" " ind2=" " tag="300"><subfield code="a">v.</subfield></datafield><datafield ind1=" " ind2=" " tag="310"><subfield code="a">Weekly</subfield></datafield><datafield ind1="1" ind2=" " tag="362"><subfield code="a">Began in 1887?</subfield></datafield><datafield ind1="0" ind2=" " tag="362"><subfield code="a">-new ser., v. 4, no. 51 (Dec. 9, 1892) = old ser., 25th yr., no 41 ; new ser., v. 4, no. 52 (Dec. 16, 1892) ; v. 26, no. 1 (Dec. 23, 1892)-v. 40, no. 40 (Dec. 5, 1907) ; 40th yr., no. 41 (Dec. 12, 1907)-85th yr., no. 7 (Feb. 17, 1955) ; no. 8 (Feb. 24, 1955)-</subfield></datafield><datafield ind1=" " ind2=" " tag="500"><subfield code="a">Issue called: Centennial ed., Aug. 18, 1955.</subfield></datafield><datafield ind1=" " ind2=" " tag="515"><subfield code="a">Beginning with Feb. 24, 1955, volume numbering dropped and internal numbering begins with: no. 1, every Jan.</subfield></datafield><datafield ind1=" " ind2=" " tag="588"><subfield code="a">Description based on: New ser., vol. 1, no. 3 (Jan. 6, 1888) = old ser., 20th yr., no. 46.</subfield></datafield><datafield ind1=" " ind2="0" tag="651"><subfield code="a">Ithaca (Mich.)</subfield><subfield code="v">Newspapers.</subfield></datafield><datafield ind1=" " ind2="0" tag="651"><subfield code="a">Gratiot County (Mich.)</subfield><subfield code="v">Newspapers.</subfield></datafield><datafield ind1=" " ind2="7" tag="655"><subfield code="a">Newspapers.</subfield><subfield code="2">fast</subfield><subfield code="0">(OCoLC)fst01423814</subfield></datafield><datafield ind1=" " ind2="7" tag="651"><subfield code="a">Michigan</subfield><subfield code="z">Gratiot County.</subfield><subfield code="2">fast</subfield><subfield code="0">(OCoLC)fst01206847</subfield></datafield><datafield ind1=" " ind2="7" tag="651"><subfield code="a">Michigan</subfield><subfield code="z">Ithaca.</subfield><subfield code="2">fast</subfield><subfield code="0">(OCoLC)fst01874792</subfield></datafield><datafield ind1=" " ind2=" " tag="752"><subfield code="a">United States</subfield><subfield code="b">Michigan</subfield><subfield code="c">Gratiot</subfield><subfield code="d">Ithaca.</subfield></datafield><datafield ind1="0" ind2="0" tag="780"><subfield code="t">St. Louis Herald (Saint Louis, Mich.)</subfield><subfield code="w">(DLC)sn 85026568</subfield><subfield code="w">(OCoLC)12272925</subfield></datafield></record>